<?xml version="1.0" encoding="UTF-8"?><collection xmlns="http://www.loc.gov/MARC21/slim"><record><leader>00445nam--2200133-i-4500</leader><controlfield tag="001">000027958</controlfield><controlfield tag="002">20161230</controlfield><controlfield tag="005">20161230201037</controlfield><controlfield tag="008">060222s1000------------r-----000-0-eng-d</controlfield><datafield ind1=" " ind2=" " tag="080"><subfield code="a">541(043)</subfield></datafield><datafield ind1=" " ind2=" " tag="100"><subfield code="a">Lefevre, Jean</subfield></datafield><datafield ind1=" " ind2=" " tag="245"><subfield code="a">Contribution a l`etude de differentes modifications structurales des phases de type fluorine dans les systemes a base de zircone ou d`oxyde de hafnium. these</subfield></datafield><datafield ind1=" " ind2=" " tag="260"><subfield code="a">Paris, Universite, 1962. 33p</subfield></datafield><datafield ind1=" " ind2=" " tag="852"><subfield code="a">78439</subfield></datafield></record></collection>